@book{bashir2017mastering,
  title={Mastering Blockchain},
  author={Bashir, I.},
  isbn={9781787125445},
  url={https://books.google.it/books?id=dMJbMQAACAAJ},
  year={2017},
  publisher={Packt Publishing}
}

@book{bambara2018blockchain,
  title={Blockchain: A Practical Guide to Developing Business, Law, and Technology Solutions},
  author={Bambara, J.J. and Allen, P.R. and Iyer, K. and Madsen, R. and Lederer, S. and Wuehler, M.},
  isbn={9781260115864},
  url={https://books.google.it/books?id=z5hIDwAAQBAJ},
  year={2018},
  publisher={McGraw-Hill Education}
}

@book{karame2016bitcoin,
  title={Bitcoin and Blockchain Security},
  author={Karame, G. and Androulaki, E.},
  isbn={9781630810139},
  lccn={2017288081},
  series={Artech House information security and privacy series},
  url={https://books.google.it/books?id=b\_nwjwEACAAJ},
  year={2016},
  publisher={Artech House}
}

@book{antonopoulos2014mastering,
  title={Mastering Bitcoin: Unlocking Digital Cryptocurrencies},
  author={Antonopoulos, A.M.},
  isbn={9781491902646},
  url={https://books.google.it/books?id=IXmrBQAAQBAJ},
  year={2014},
  publisher={O'Reilly Media}
}
